Untuk setiap referensi, baris pertama (newton1687) merupakan label dan baris-baris berikutnya
merupakan atribut dari referensi yang akan digunakan. Umumnya, format referensi berikut sudah
disediakan oleh penyedia sumber referensi secara online dan bisa langsung ditaruh di sini.

Lihat https://www.bibtex.com/g/bibtex-format/ untuk informasi lebih lanjut mengenai format
BibTex yang digunakan pada file ini.

@article{newton1687,
  author  = {Isaac Newton},
  journal = {Philosophiæ Naturalis Principia Mathematica},
  title   = {Axioms or Laws of Motion},
  year    = {1687}
}

@misc{cetakbiruspacex,
  title   = {Cetak Biru Space X},
  url     = {https://id.pinterest.com/pin/344032859037191430/},
  urldate = {2021-05-18},
  year    = {2021}
}

@misc{everythingisafile,
  title   = {Everything is a file descriptor or a process},
  url     = {https://yarchive.net/comp/linux/everything_is_file.html},
  urldate = {2015-08-28},
  year    = {2015}
}

@book{stallings2008,
  title     = "Operating  Systems: Internals and  Design  Principles, Seventh Edition",
  author    = "Stalling, Williams",
  year      = 2012,
  publisher = "Prentice Hall",
  address   = "New York"
}

@book{rodger2015,
  title     = "Principles of communication : systems, modulation, and noise",
  author    = "RodgerE, Ziemer; Tranter, William H",
  year      = 2015,
  publisher = "Hoboken",
  address   = "New Jersey"
}

@inproceedings{prabhakaran2005,
  author          = {V. {Prabhakaran} and N. {Agrawal} and L. N. {Bairavasundaram} and H. S. {Gunawi} and A. C. {Arpaci-Dusseau} and R. H. {Arpaci-Dusseau}},
  booktitle       = {Proceedings of the 20th ACM Symposium on Operating Systems Principles (SOSP ’05)},
  title           = {IRON File Systems},
  year            = {2005}
}

@article{bart1994,
  author          = {Bart Preneel},
  journal         = {Transactions on Emerging Telecommunications Technologies},
  title           = {Cryptographic hash functions},
  year            = {1994}
}

@misc{nistpolicy,
  title   = {NIST Policy on Hash Functions},
  url     = {https://csrc.nist.gov/projects/hash-functions/nist-policy-on-hash-functions},
  urldate = {2015-08-05},
  year    = {2015},
}

@book{martin2017,
  author         = {Martin Kleppmann},
  publisher      = {O'Reilly Media},
  title          = {Designing Data-Intensive Applications: The Big Ideas Behind Reliable, Scalable, and Maintainable Systems},
  year           = {2017},
  isbn           = {978-1449373320},
  edition        = {1},
  pages          = {203},
}

@misc{md5vuln,
  title   = {A quarter of major CMSs use outdated MD5 as the default password hashing scheme},
  url     = {https://www.zdnet.com/article/a-quarter-of-major-cmss-use-outdated-md5-as-the-default-password-hashing-scheme/},
  urldate = {2019-06-18},
  year    = {2019},
}

@misc{schneier2005,
  title   = {Schneier on Security: Cryptanalysis of SHA-1},
  url     = {https://www.schneier.com/blog/archives/2005/02/cryptanalysis_o.html},
  urldate = {2005-02-18},
  year    = {2005},
}

@misc{mozilla2019,
  title   = {The end of SHA-1 on the Public Web},
  url     = {https://blog.mozilla.org/security/2017/02/23/the-end-of-sha-1-on-the-public-web/},
  urldate = {2019-05-29},
  year    = {2019},
}


@misc{google2015,
  title   = {Google will drop SHA-1 encryption from Chrome by January 1, 2017},
  url     = {https://venturebeat.com/2015/12/18/google-will-drop-sha-1-encryption-from-chrome-by-january-1-2017/},
  urldate = {2015-12-18},
  year    = {2015},
}

@misc{rfc5702,
  title   = {Use of SHA-2 Algorithms with RSA in DNSKEY and RRSIG Resource Records for DNSSEC},
  url     = {https://www.rfc-editor.org/rfc/rfc5702.txt},
  year    = {2009},
}

@misc{nist2012,
  title   = {NIST Selects Winner of Secure Hash Algorithm (SHA-3) Competition},
  url     = {https://www.nist.gov/itl/csd/sha-100212.cfm},
  urldate = {2012-10-02},
  year    = {2012},
}
